
@article{lage-castellanos2019,
	title = {Methods for computing the maximum performance of computational models of fMRI responses},
	author = {Lage-Castellanos, Agustin and Valente, Giancarlo and Formisano, Elia and De Martino, Federico},
	editor = {Diedrichsen, {Jörn}},
	year = {2019},
	month = {03},
	date = {2019-03-08},
	journal = {PLOS Computational Biology},
	pages = {e1006397},
	volume = {15},
	number = {3},
	doi = {10.1371/journal.pcbi.1006397},
	url = {https://dx.plos.org/10.1371/journal.pcbi.1006397},
	langid = {en}
}

@article{huth2012,
	title = {A Continuous Semantic Space Describes the Representation of Thousands of Object and Action Categories across the Human Brain},
	author = {Huth, {Alexander G.} and Nishimoto, Shinji and Vu, {An T.} and Gallant, {Jack L.}},
	year = {2012},
	month = {12},
	date = {2012-12},
	journal = {Neuron},
	pages = {1210--1224},
	volume = {76},
	number = {6},
	doi = {10.1016/j.neuron.2012.10.014},
	url = {https://linkinghub.elsevier.com/retrieve/pii/S0896627312009348},
	langid = {en}
}

@article{luking2017,
	title = {Internal Consistency of Functional Magnetic Resonance Imaging and Electroencephalography Measures of Reward in Late Childhood and Early Adolescence},
	author = {Luking, Katherine R. and Nelson, Brady D. and Infantolino, Zachary P. and Sauder, Colin L. and Hajcak, Greg},
	year = {2017},
	month = {04},
	date = {2017-04},
	journal = {Biological Psychiatry: Cognitive Neuroscience and Neuroimaging},
	pages = {289--297},
	volume = {2},
	number = {3},
	doi = {10.1016/j.bpsc.2016.12.004},
	url = {https://linkinghub.elsevier.com/retrieve/pii/S2451902216301835},
	langid = {en}
}

@article{hsu2004,
	title = {Quantifying variability in neural responses and its application for the validation of model predictions},
	author = {Hsu, Anne and Borst, Alexander and Theunissen, {Frédéric E.}},
	year = {2004},
	month = {05},
	date = {2004-05},
	journal = {Network (Bristol, England)},
	pages = {91--109},
	volume = {15},
	number = {2},
	note = {PMID: 15214701},
	langid = {eng}
}

@article{kriegeskorte2008,
	title = {Representational similarity analysis {\textendash} connecting the branches of systems neuroscience},
	author = {Kriegeskorte, Nikolaus and Mur, Marieke and Bandettini, Peter},
	year = {2008},
	date = {2008},
	journal = {Frontiers in Systems Neuroscience},
	doi = {10.3389/neuro.06.004.2008},
	url = {http://journal.frontiersin.org/article/10.3389/neuro.06.004.2008/abstract},
	langid = {en}
}

@article{kaniuth2022,
	title = {Feature-reweighted representational similarity analysis: A method for improving the fit between computational models, brains, and behavior},
	author = {Kaniuth, Philipp and Hebart, Martin N.},
	year = {2022},
	month = {08},
	date = {2022-08},
	journal = {NeuroImage},
	pages = {119294},
	volume = {257},
	doi = {10.1016/j.neuroimage.2022.119294},
	url = {https://linkinghub.elsevier.com/retrieve/pii/S105381192200413X},
	langid = {en}
}

@article{xie2022,
	title = {Visual category representations in the infant brain},
	author = {Xie, Siying and Hoehl, Stefanie and Moeskops, Merle and Kayhan, Ezgi and Kliesch, Christian and Turtleton, Bert and {Köster}, Moritz and Cichy, Radoslaw M.},
	year = {2022},
	month = {12},
	date = {2022-12},
	journal = {Current Biology},
	pages = {5422--5432.e6},
	volume = {32},
	number = {24},
	doi = {10.1016/j.cub.2022.11.016},
	url = {https://linkinghub.elsevier.com/retrieve/pii/S0960982222017729},
	langid = {en}
}

@article{nili2014,
	title = {A Toolbox for Representational Similarity Analysis},
	author = {Nili, Hamed and Wingfield, Cai and Walther, Alexander and Su, Li and Marslen-Wilson, William and Kriegeskorte, Nikolaus},
	year = {2014},
	month = {04},
	date = {2014-04-17},
	journal = {PLOS Computational Biology},
	pages = {e1003553},
	volume = {10},
	number = {4},
	doi = {10.1371/journal.pcbi.1003553},
	url = {https://journals.plos.org/ploscompbiol/article?id=10.1371/journal.pcbi.1003553},
	note = {Publisher: Public Library of Science},
	langid = {en}
}

@article{carlin2017,
	title = {Adjudicating between face-coding models with individual-face fMRI responses},
	author = {Carlin, Johan D. and Kriegeskorte, Nikolaus},
	year = {2017},
	month = {07},
	date = {2017-07-26},
	journal = {PLOS Computational Biology},
	pages = {e1005604},
	volume = {13},
	number = {7},
	doi = {10.1371/journal.pcbi.1005604},
	url = {https://journals.plos.org/ploscompbiol/article?id=10.1371/journal.pcbi.1005604},
	note = {Publisher: Public Library of Science},
	langid = {en}
}

@article{warrens2016,
	title = {A comparison of reliability coefficients for psychometric tests that consist of two parts},
	author = {Warrens, Matthijs J.},
	year = {2016},
	month = {03},
	date = {2016-03},
	journal = {Advances in Data Analysis and Classification},
	pages = {71--84},
	volume = {10},
	number = {1},
	doi = {10.1007/s11634-015-0198-6},
	url = {http://link.springer.com/10.1007/s11634-015-0198-6},
	langid = {en}
}

@article{pronk2022,
	title = {Methods to split cognitive task data for estimating split-half reliability: A comprehensive review and systematic assessment},
	author = {Pronk, Thomas and Molenaar, Dylan and Wiers, Reinout W. and Murre, Jaap},
	year = {2022},
	month = {02},
	date = {2022-02-01},
	journal = {Psychonomic Bulletin & Review},
	pages = {44--54},
	volume = {29},
	number = {1},
	doi = {10.3758/s13423-021-01948-3},
	url = {https://doi.org/10.3758/s13423-021-01948-3},
	langid = {en}
}
